%%%%%%%%%%%%%%%%%%%%%%
%%%% Bibliography %%%%
%%%%%%%%%%%%%%%%%%%%%%

%%% Pre-processing

%%% Sentiment
@inproceedings{Bing-Liu-04,
  author    = {Minqing Hu and Bing Liu},
  title     = {Mining and summarizing customer reviews},
  booktitle = {KDD},
  year      = {2004},
  pages     = {168-177},
  ee        = {http://doi.acm.org/10.1145/1014052.1014073},
  crossref  = {DBLP:conf/kdd/2004},
  bibsource = {DBLP, http://dblp.uni-trier.de}
}

@inproceedings{Turney02,
  author    = {Peter D. Turney},
  title     = {Thumbs Up or Thumbs Down? Semantic Orientation Applied to
               Unsupervised Classification of Reviews},
  booktitle = {ACL},
  year      = {2002},
  pages     = {417-424},
  ee        = {http://www.aclweb.org/anthology/P02-1053.pdf},
  crossref  = {DBLP:conf/acl/2002},
  bibsource = {DBLP, http://dblp.uni-trier.de}
}

%%% Markov Logic Network

%%% Discourse Analysis

%%%%%%%%%%%%%%%%%%%%%
%%%% Proceedings %%%%
%%%%%%%%%%%%%%%%%%%%%
@proceedings{DBLP:conf/kdd/2004,
  editor    = {Won Kim and Ron Kohavi and Johannes Gehrke and William
                  DuMouchel},
  title     = {Proceedings of the Tenth ACM SIGKDD International Conference on
                  Knowledge Discovery and Data Mining, Seattle, Washington,
                  USA, August 22-25, 2004},
  booktitle = {KDD},
  publisher = {ACM},
  year      = {2004},
  isbn      = {1-58113-888-1},
  bibsource = {DBLP, http://dblp.uni-trier.de}
}

@proceedings{DBLP:conf/acl/2002,
  title     = {Proceedings of the 40th Annual Meeting of the Association
               for Computational Linguistics, July 6-12, 2002, Philadelphia,
               PA, USA},
  booktitle = {ACL},
  publisher = {ACL},
  year      = {2002},
  ee        = {http://aclweb.org/anthology-new/P/P02/},
  bibsource = {DBLP, http://dblp.uni-trier.de}
}
