@PhdThesis{TWilsonDiss08,
  author = {Theresa Ann Wilson},
  title  = {Fine-grained Subjectivity and Sentiment Analysis: Recognizing
  the Intensity, Polarity, and Attitudes of Private States},
  school = {University of Pittsburgh},
  year   = {2008},
}

@inproceedings{MLSA,
  author    = {Clematide, Simon and Gindl, Stefan and Klenner, Manfred
                  and Petrakis, Stefanos and Remus, Robert and
                  Ruppenhofer, Josef and Waltinger, Ulli and Wiegand,
                  Michael},
  isbn      = {978-2-9517408-7-7},
  language  = {English},
  location  = {Istanbul, Turkey},
  pages     = {3551--3556},
  publisher = {European Language Resources Association (ELRA)},
  title     = {MLSA -- A Multi-layered Reference Corpus for German
                  Sentiment Analysis},
  year      = {2012},
}

@inproceedings{SentiWS,
  added-at  = {2010-06-28T13:29:58.000+0200},
  address   = {Valletta, Malta},
  author    = {Quasthoff, Uwe and Remus, Robert and Heyer, Gerhard},
  biburl    = {http://www.bibsonomy.org/bibtex/260f0e334e61531f1d534716d8f003f2f/frederik},
  booktitle = {Proceedings of the Seventh conference on International Language Resources and Evaluation (LREC'10)},
  date      = {19-21},
  interhash = {088658662ab271004ee8fef8d5dec32d},
  intrahash = {60f0e334e61531f1d534716d8f003f2f},
  isbn      = {2-9517408-6-7},
  keywords  = {imported},
  language  = {english},
  month     = may,
  publisher = {European Language Resources Association (ELRA)},
  timestamp = {2010-06-28T13:29:58.000+0200},
  title     = {SentiWS - A Publicly Available German-language Resource for Sentiment Analysis},
  url       = {http://www.lrec-conf.org/proceedings/lrec2010/pdf/490_Paper.pdf},
  year      = 2010,
}

@inproceedings{Sidorenko,
  address   = {Darmstadt, Germany},
  author    = {Sidarenka, Uladzimir and Scheffler, Tatjana and Stede, Manfred},
  biburl    = {http://gscl2013.ukp.informatik.tu-darmstadt.de/de/gscl-2013/proceedings/},
  booktitle = {Proceedings of the 25th Conference of the German
                  Society for Computational Linguistics (GSCL 2013)},
  date      = {25-27},
  language  = {english},
  month     = september,
  publisher = {Springer. Lecture Notes in Artificial Intelligence.},
  title     = {Rule-Based Normalization of German Twitter Messages},
  url       = {http://gscl2013.ukp.informatik.tu-darmstadt.de/fileadmin/user_upload/Group_UKP/conferences/gscl2013/workshops/sidarenka_scheffler_stede.pdf},
  year      = 2013,
}

@inproceedings{Sidorenko,
  address   = {Darmstadt, Germany},
  author    = {Sidarenka, Uladzimir and Scheffler, Tatjana and Stede, Manfred},
  biburl    = {http://gscl2013.ukp.informatik.tu-darmstadt.de/de/gscl-2013/proceedings/},
  booktitle = {Proceedings of the 25th Conference of the German
                  Society for Computational Linguistics (GSCL 2013)},
  date      = {25-27},
  language  = {english},
  month     = september,
  publisher = {Springer. Lecture Notes in Artificial Intelligence.},
  title     = {Rule-Based Normalization of German Twitter Messages},
  url       = {http://gscl2013.ukp.informatik.tu-darmstadt.de/fileadmin/user_upload/Group_UKP/conferences/gscl2013/workshops/sidarenka_scheffler_stede.pdf},
  year      = 2013,
}
